@book{Goodfellow-et-al-2016,
    title={Deep Learning},
    author={Ian Goodfellow and Yoshua Bengio and Aaron Courville},
    publisher={MIT Press},
    note={\url{http://www.deeplearningbook.org}},
    year={2016}
}

@book{blum2019foundations,
  title={Foundations of Data Science},
  author={Avrim Blum and John Hopcroft and Ravindran Kannan},
  note={\url{https://www.cs.cornell.edu/jeh/book%20no%20so;utions%20March%202019.pdf}},
  year={2019}
}

@book{Gurney:1997:INN:523781,
 author = {Gurney, Kevin},
 title = {An  Introduction to Neural Networks},
 year = {1997},
 publisher = {Taylor \& Francis, Inc.}
} 

@misc{adi-from-perceptron,
  title = {From Perceptron to Deep Neural Nets} ,
  author = {Chris, Adi},
  howpublished = {\url{https://becominghuman.ai/from-perceptron-to-deep-neural-nets-504b8ff616e}}
}
